<record><leader>00000cas a2200000 a 4500</leader><controlfield tag="001">27178892</controlfield><controlfield tag="008">921229d18811888iluwr ne      0   a0eng c</controlfield><datafield ind1=" " ind2=" " tag="010"><subfield code="a">sn 92053448 </subfield></datafield><datafield ind1=" " ind2=" " tag="040"><subfield code="a">NVF</subfield><subfield code="b">eng</subfield><subfield code="c">NVF</subfield><subfield code="d">OCLCQ</subfield><subfield code="d">CVF</subfield><subfield code="d">NVF</subfield><subfield code="d">OCLCQ</subfield><subfield code="d">OCLCF</subfield><subfield code="d">OCLCO</subfield><subfield code="d">NVF</subfield></datafield><datafield ind1=" " ind2=" " tag="042"><subfield code="a">pcc</subfield></datafield><datafield ind1=" " ind2=" " tag="043"><subfield code="a">n-us-il</subfield></datafield><datafield ind1="0" ind2="4" tag="245"><subfield code="a">The Oregon independent.</subfield></datafield><datafield ind1=" " ind2=" " tag="260"><subfield code="a">Oregon, Ogle County, Ill. :</subfield><subfield code="b">Wm. E. Ray,</subfield><subfield code="c">1881-1888.</subfield></datafield><datafield ind1=" " ind2=" " tag="300"><subfield code="a">v.</subfield></datafield><datafield ind1=" " ind2=" " tag="310"><subfield code="a">Weekly</subfield></datafield><datafield ind1="0" ind2=" " tag="362"><subfield code="a">Vol. 15, no. 40 (Mar. 2, 1881)-v. 22, no. 41 (Mar. 21, 1888).</subfield></datafield><datafield ind1=" " ind2=" " tag="515"><subfield code="a">Issues for Mar. 2, 1881-Apr. 20, 1887 called also whole no. 768-1115.</subfield></datafield><datafield ind1=" " ind2=" " tag="580"><subfield code="a">Merged with: Ogle County Democrat (Mount Morris, Ill. : 1877), to form: Independent-Democrat (Oregon, Ill.).</subfield></datafield><datafield ind1=" " ind2="0" tag="651"><subfield code="a">Oregon (Ill.)</subfield><subfield code="v">Newspapers.</subfield></datafield><datafield ind1=" " ind2="7" tag="651"><subfield code="a">Illinois</subfield><subfield code="z">Oregon.</subfield><subfield code="2">fast</subfield><subfield code="0">(OCoLC)fst01221111</subfield></datafield><datafield ind1=" " ind2="7" tag="655"><subfield code="a">Newspapers.</subfield><subfield code="2">fast</subfield><subfield code="0">(OCoLC)fst01423814</subfield></datafield><datafield ind1=" " ind2=" " tag="752"><subfield code="a">United States</subfield><subfield code="b">Illinois</subfield><subfield code="c">Ogle County</subfield><subfield code="d">Oregon.</subfield></datafield><datafield ind1="0" ind2="0" tag="780"><subfield code="t">Oregon courier</subfield><subfield code="w">(DLC)sn 92053447</subfield><subfield code="w">(OCoLC)27178852</subfield></datafield><datafield ind1="1" ind2="7" tag="785"><subfield code="t">Ogle County Democrat (Mount Morris, Ill. : 1877)</subfield><subfield code="w">(DLC)sn 92053449</subfield><subfield code="w">(OCoLC)27178980</subfield></datafield><datafield ind1="1" ind2="7" tag="785"><subfield code="t">Independent-Democrat (Oregon, Ill.)</subfield><subfield code="w">(DLC)sn 92053450</subfield><subfield code="w">(OCoLC)27179018</subfield></datafield><datafield ind1="1" ind2=" " tag="029"><subfield code="a">AU@</subfield><subfield code="b">000020744403</subfield></datafield></record>